<?xml version="1.0" encoding="UTF-8"?><collection xmlns="http://www.loc.gov/MARC21/slim"><record><leader>00568nam--2200181-i-4500</leader><controlfield tag="001">000034139</controlfield><controlfield tag="002">20161230</controlfield><controlfield tag="005">20161230201039</controlfield><controlfield tag="008">060222s1000------------r-----000-0-eng-d</controlfield><datafield ind1=" " ind2=" " tag="040"><subfield code="a">IFIN-HH</subfield></datafield><datafield ind1=" " ind2=" " tag="080"><subfield code="a">530.145</subfield></datafield><datafield ind1="1" ind2=" " tag="100"><subfield code="a">Neumann, John Von</subfield></datafield><datafield ind1="1" ind2="0" tag="245"><subfield code="a">Mathematical foundations of quantum mechanics</subfield><subfield code="b">Translated from the german edition by robert t. beyer</subfield><subfield code="c">John von neumann</subfield></datafield><datafield ind1=" " ind2=" " tag="260"><subfield code="a">London</subfield><subfield code="b">Princeton University Press</subfield><subfield code="c">1955</subfield></datafield><datafield ind1=" " ind2=" " tag="300"><subfield code="a">XII = 455P</subfield></datafield><datafield ind1=" " ind2=" " tag="490"><subfield code="a">Investigations In Physics</subfield><subfield code="v">Vol. 2</subfield></datafield><datafield ind1=" " ind2=" " tag="852"><subfield code="a">10948</subfield><subfield code="c">530.14</subfield></datafield><datafield ind1=" " ind2=" " tag="CAT"><subfield code="a">Sys</subfield><subfield code="c">20101116</subfield><subfield code="h">122019</subfield></datafield></record></collection>